<?xml version="1.0" encoding="UTF-8"?><collection><record><leader>08446ntm a2200625 a 4500</leader><controlfield tag="001">006833746</controlfield><controlfield tag="003">MiAaHDL</controlfield><controlfield tag="005">20190719000000.0</controlfield><controlfield tag="006">m        d        </controlfield><controlfield tag="007">cr bn ---auaua</controlfield><controlfield tag="008">090701s189u    xx            00| ||per d</controlfield><datafield tag="035" ind1=" " ind2=" "><subfield code="a">(MiU)006833746</subfield></datafield><datafield tag="035" ind1=" " ind2=" "><subfield code="a">sdr-miu006833746</subfield></datafield><datafield tag="040" ind1=" " ind2=" "><subfield code="a">MiU</subfield><subfield code="c">MiU</subfield><subfield code="e">amremm</subfield></datafield><datafield tag="043" ind1=" " ind2=" "><subfield code="a">n-us-mi</subfield></datafield><datafield tag="100" ind1="0" ind2=" "><subfield code="6">880-01</subfield><subfield code="a">Mīrzā Ibrāhīm Ẓahīr Kirmānī,</subfield><subfield code="d">fl. 1897?</subfield></datafield><datafield tag="240" ind1="1" ind2="0"><subfield code="6">880-02</subfield><subfield code="a">Vāmiq va ʻAẕrā</subfield></datafield><datafield tag="245" ind1="1" ind2="0"><subfield code="6">880-03</subfield><subfield code="a">Vāmiq va ʻAẕrā,</subfield><subfield code="f">[late 19th century?].</subfield></datafield><datafield tag="246" ind1="3" ind2=" "><subfield code="i">Title from illuminated headpiece at opening on added incipit page (p.10):</subfield><subfield code="a">هذا كتاب وامق عذرا</subfield></datafield><datafield tag="246" ind1="3" ind2=" "><subfield code="i">Edge title (head):</subfield><subfield code="a">وامق عذرا</subfield></datafield><datafield tag="246" ind1="3" ind2=" "><subfield code="i">Edge title (foredge):</subfield><subfield code="a">وامق عذرا</subfield></datafield><datafield tag="246" ind1="3" ind2=" "><subfield code="i">Edge title (tail):</subfield><subfield code="a">وامق عذرا</subfield></datafield><datafield tag="260" ind1=" " ind2=" "><subfield code="c">[1890-1899?].</subfield></datafield><datafield tag="300" ind1=" " ind2=" "><subfield code="a">1 v. (492 p.) :</subfield><subfield code="b">paper ;</subfield><subfield code="c">290 x 210 (213 x 135) mm.</subfield></datafield><datafield tag="500" ind1=" " ind2=" "><subfield code="a">Shelfmark: Ann Arbor, University of Michigan, Special Collections Library, Isl. Ms. 1043</subfield></datafield><datafield tag="500" ind1=" " ind2=" "><subfield code="a">Origin: Colophon appears on p.487, but largely effaced. According to descriptive note on p.8, transcription and paintings executed by Muḥammad Yaʻqūb (محمد يعقوب), reads "... بقلم محمد يعقوب رسام تحرير يافت." Perhaps late 19th or early 19th century.</subfield></datafield><datafield tag="500" ind1=" " ind2=" "><subfield code="a">Accompanying materials: "a. "Happy New Year" card with black-and-white photographs showing carpet makers and a carpet seller ; small white card stapled to inside with notes in German (presumably handwriting of Dr. Gruening) -- b. Page from legal pad, handwriting of J. Eilts, notes on physical descr. &amp; contents. -- c. Copy of letter, Frank J. Schulte of Grand Rapids, to Dr. Howard H. Peckham, Clements Library, U of M, 13 November 1976: 'During a two-year period (1962-64) I was a member of the Public Administration Service team in Kabul, Afghanistan. It was my good fortune to acquire, among other art objects, two illuminated manuscripts: one, small, exquisitely written on parchment [in margin at this point: "paper/HCJ"], the other a larger leather-bound book. According to Dr. Gruening, attached to the German Embassy in Kabul, the first is dated 1921 and was dedicated to a governor of Herat. Dr. Gruening estimated that the book's cover is, perhaps, 200 to 250 years old. (I wonder what vandalism was perpetrated to acquire the cover for the 1921 book). The larger book is inferior quality-wise but has a large number of water-color illustrations. The date of this book has been obliterated but might be determined by the use of infra-red light. It has been much used, perhaps by children, as one page shows some doodling...I have enjoyed the possession of these treasures for a long time now and, should your library want them, will be delighted to donate them. If you do want them, perhaps someone from the university who might have reason to be in Grand Rapids, will contact me.'-- d. Copy of note on legal paper signed 'HCJ'" - from handlist prepared by R. Dougherty, 1993.</subfield></datafield><datafield tag="500" ind1=" " ind2=" "><subfield code="a">Former shelfmark: Mich. Isl. Ms. temp. no. 192</subfield></datafield><datafield tag="500" ind1=" " ind2=" "><subfield code="a">Binding: Pasteboards (soft) covered in brown leather ; Type III binding (without flap) ; board linings in untinted paper, hinges in pale green textile ; stab sewn in heavy cream thread ; worked chevron endbands in green-blue and yellow, quite wide and in good condition (protected by tabs extending from spine leather) ; overall in fairly good condition with some staining, minor abrasion, etc.</subfield></datafield><datafield tag="500" ind1=" " ind2=" "><subfield code="a">Support: Wove paper, some cream in color, others a darker beige (typically alternating) ; tissue weight leaves inserted to protect opening illumination and illustrations on p.26, 321, etc. ; stains, tears, etc.</subfield></datafield><datafield tag="500" ind1=" " ind2=" "><subfield code="a">Decoration: Fine illuminated headpiece (ʻunwān / sarlawḥ) on what appears to be added incipit page (p.10, compare p.2) consisting of rectangular piece with cartouches carrying the basmalah, etc. ("بسم الله الرحمن الرحيم رب يسير وتمم بالخير") in black ink with gold and lapis lazuli accents, surmounted by tall, scalloped w-shaped piece with swirling floral vegetal motifs in gold with pink accents on a field of lapis and pink, set in a well of similar floral motifs in gold with lapis accents on a turquoise ground flanking the title "هذا كتاب وامق عذرا" in gold on a lapis ground, entire piece surmounted by vertical stalks (tīgh) with floral accents ; written area mainly surrounded by a multiple rule border in gold and blue, divisions within defined by double rule-border in blue ; keywords and headings rubricated ; extensively illustrated with 37 richly colored paintings in mid-19th century Persian style, most full page, many with captions, likely contemporary but executed separately from the text (see pp.22, 26, 43, 60, 70, 101, 105, 106, 113, 122, 143, 157, 165, 175, 176, 195, 220, 234, 259, 265, 275, 287, 321, 332, 371, 383, 393, 398, 399, 403, 404, 405, 413, 425, 437, 449, and 473) some on unruled leaves ; occasional lacunae left where illustration might have appeared (see p.69, 102, etc.) or simply to avoid overlap of text and illustration (area of the verso corresponding to the illustrated area on the recto usually left blank).</subfield></datafield><datafield tag="500" ind1=" " ind2=" "><subfield code="a">Script: Nastaʻlīq ; compact, careful hand in a medium to bold line ; serifless, with marked effect of words descending to baseline, some elongation and contrasting thickness of horizontal strokes.</subfield></datafield><datafield tag="500" ind1=" " ind2=" "><subfield code="a">Layout: Written mainly in 21 lines per page, occasionally divided to three columns ; frame-ruled.</subfield></datafield><datafield tag="500" ind1=" " ind2=" "><subfield code="a">Collation: Too tightly bound to examine gatherings ; two flyleaves each at opening and close of codex, two added leaves at opening ; catchwords present ; pagination in black ink, Hindu-Arabic numerals, center of the upper margin of each page ; pagination in pencil, Western numerals, supplied during digitization (includes flyleaves and added leaves).</subfield></datafield><datafield tag="500" ind1=" " ind2=" "><subfield code="a">Colophon: "Scribal," triangular, reads "قد تم بالخير والعافية ... شمسى ... قمرى هجرى نبوى صلوات الله عليه حين السلطنت ... شيخ محمد باقر خان ... يعقوب"</subfield></datafield><datafield tag="500" ind1=" " ind2=" "><subfield code="a">Explicit: "ز چشم خورده بین مستور بادا ..."</subfield></datafield><datafield tag="500" ind1=" " ind2=" "><subfield code="a">Incipit: "حمد بیحد ثنای بیعدد و مخصوص صانعی است ... اما بعد چنین گوید راقم این حروف که چون در بهار عالم جوانی ... در عشقبازی وامق و عذرا و مجملی از کیفیت احوال و سر گشتگی از حوادث زمانه پر اختلاف ..."</subfield></datafield><datafield tag="500" ind1=" " ind2=" "><subfield code="a">Title from opening matter on p.14.</subfield></datafield><datafield tag="500" ind1=" " ind2=" "><subfield code="a">Ms. codex.</subfield></datafield><datafield tag="510" ind1="4" ind2=" "><subfield code="a">Āghā Buzurg al-Ṭihrānī. al-Dharīʻah ilá taṣānīf al-Shīʻah,</subfield><subfield code="c">v.25, pp.23-24</subfield></datafield><datafield tag="510" ind1="4" ind2=" "><subfield code="a">Mīrzā Ibrāhīm Ẓahīr Kirmānī. Vāmiq va ʻAẕrā : mans̲ūr va manẓūm. Ed. Asad Allāh Shahryārī. Mashhad : Intishārāt-i Jāvidān-i khirad, 1370 [1991].</subfield></datafield><datafield tag="510" ind1="4" ind2=" "><subfield code="a">Utas, B. "WĀMIḲ wa ʿAḎH̲RĀʾ “the Lover and the Virgin”. In EI2,</subfield><subfield code="c">vol. XI, p.134, col.1</subfield></datafield><datafield tag="520" ind1="8" ind2=" "><subfield code="a">Fine copy of the romance of Vāmiq and ʻAẕrā, the Ardent Lover and the Virgin, by Mīrzā Ibrāhīm Ẓahīr Kirmānī (see preface of the Mashhad 1991 edition, p. 7 ff.). Illustrated with many colorful paintings. Contribution to the cataloguing from Hossein Mottaghi.</subfield></datafield><datafield tag="538" ind1=" " ind2=" "><subfield code="a">Mode of access: Internet.</subfield></datafield><datafield tag="541" ind1=" " ind2=" "><subfield code="a">Mr. Frank J. Schulte ;</subfield><subfield code="d">29 November 1976.</subfield></datafield><datafield tag="546" ind1=" " ind2=" "><subfield code="a">Persian.</subfield></datafield><datafield tag="561" ind1=" " ind2=" "><subfield code="a">Descriptive note / purchase statement in now gray ink appears on p.8, dated "٣٠ عقرب ٣٥" [ca. 21 November 1956] and lists title, author and copyist ; UM Library inscription on verso of final leaf "Spec. Coll. Lib. | Gift of Frank J. Schulte | 1976?" ; occasional glosses and marginal corrections ; childish drawing in margin of p.122.</subfield></datafield><datafield tag="650" ind1=" " ind2="0"><subfield code="a">Manuscripts, Persian</subfield><subfield code="z">Michigan</subfield><subfield code="z">Ann Arbor.</subfield></datafield><datafield tag="650" ind1=" " ind2="0"><subfield code="a">Persian poetry</subfield><subfield code="y">747-1500.</subfield></datafield><datafield tag="655" ind1=" " ind2="7"><subfield code="a">Headpieces (layout features)</subfield><subfield code="y">19th century.</subfield><subfield code="2">aat</subfield></datafield><datafield tag="700" ind1="1" ind2=" "><subfield code="a">Schulte, Frank J.,</subfield><subfield code="e">former owner.</subfield></datafield><datafield tag="773" ind1="0" ind2=" "><subfield code="a">Frank J. Schulte Collection.</subfield></datafield><datafield tag="880" ind1="1" ind2="0"><subfield code="6">245-03/</subfield><subfield code="a">وامق و عذرا,</subfield><subfield code="f">[پایان قرن 19م؟].</subfield></datafield><datafield tag="880" ind1="1" ind2="0"><subfield code="6">240-02/</subfield><subfield code="a">وامق و عذرا</subfield></datafield><datafield tag="880" ind1="0" ind2=" "><subfield code="6">100-01/</subfield><subfield code="a">ميرزا ابراهيم ظهير كرمانى.</subfield></datafield><datafield tag="CID" ind1=" " ind2=" "><subfield code="a">006833746</subfield></datafield><datafield tag="DAT" ind1="0" ind2=" "><subfield code="a">20190719102641.0</subfield><subfield code="b">20190719000000.0</subfield></datafield><datafield tag="DAT" ind1="1" ind2=" "><subfield code="a">20190719090653.0</subfield><subfield code="b">2019-07-19T16:12:12Z</subfield></datafield><datafield tag="DAT" ind1="2" ind2=" "><subfield code="a">2015-10-02T18:00:03Z</subfield></datafield><datafield tag="CAT" ind1=" " ind2=" "><subfield code="a">SDR-MIU</subfield><subfield code="d">EX LIBRIS - ALEPH</subfield><subfield code="l">prepare.pl-004-008</subfield></datafield><datafield tag="FMT" ind1=" " ind2=" "><subfield code="a">BK</subfield></datafield><datafield tag="HOL" ind1=" " ind2=" "><subfield code="0">sdr-miu006833746</subfield><subfield code="a">MiU</subfield><subfield code="b">SDR</subfield><subfield code="c">MIU</subfield><subfield code="p">mdp.39015079131705</subfield><subfield code="s">MIU</subfield><subfield code="1">006833746</subfield></datafield><datafield tag="974" ind1=" " ind2=" "><subfield code="b">MIU</subfield><subfield code="c">MIU</subfield><subfield code="d">20190719</subfield><subfield code="s">lit-dlps-dc</subfield><subfield code="u">mdp.39015079131705</subfield><subfield code="y">1899</subfield><subfield code="r">pd</subfield><subfield code="q">add</subfield></datafield></record></collection>